@book{fys_stk_book,
    author = "Morten Hjort-Jensen",
    title = "Applied Data Analysis and Machine Learning",
    publisher = "Jupyter Notebook" ,
    year = "2021"
}